<?xml version="1.0" encoding="UTF-8"?><collection xmlns="http://www.loc.gov/MARC21/slim"><record><leader>00497nam--2200133-i-4500</leader><controlfield tag="001">000006996</controlfield><controlfield tag="002">20161230</controlfield><controlfield tag="005">20161230201027</controlfield><controlfield tag="008">060222s1000------------r-----000-0-eng-d</controlfield><datafield ind1=" " ind2=" " tag="080"><subfield code="a">621.039</subfield></datafield><datafield ind1=" " ind2=" " tag="100"><subfield code="a">Baxter, J.P</subfield></datafield><datafield ind1=" " ind2=" " tag="245"><subfield code="a">Production and amelioration of primary sources of energy and transformation of primary to secondary energy and transporta tion of energy. nuclear fuels and nuclear energy. - sixth world power conference -</subfield></datafield><datafield ind1=" " ind2=" " tag="260"><subfield code="a">Melbourne, General Report, 1962 12 P</subfield></datafield><datafield ind1=" " ind2=" " tag="852"><subfield code="a">20194</subfield></datafield></record></collection>